<?xml version="1.0" encoding="UTF-8"?>
<collection><record><leader>01516cam a2200385 a 4500</leader><controlfield tag="001">9937351903408651</controlfield><controlfield tag="005">20250507151329.0</controlfield><controlfield tag="008">941027m19949999gw       b    001|0 roa d</controlfield><datafield tag="020" ind1=" " ind2=" "><subfield code="a">3531051105 (Bd. 1)</subfield></datafield><datafield tag="020" ind1=" " ind2=" "><subfield code="a">3531051180 (Bd. 2)</subfield></datafield><datafield tag="035" ind1=" " ind2=" "><subfield code="a">(OCoLC)31083363</subfield></datafield><datafield tag="035" ind1=" " ind2=" "><subfield code="9">FJN0730YL</subfield></datafield><datafield tag="035" ind1=" " ind2=" "><subfield code="a">3735190</subfield></datafield><datafield tag="035" ind1=" " ind2=" "><subfield code="a">(CtY)3735190-yaledb-Voyager</subfield></datafield><datafield tag="040" ind1=" " ind2=" "><subfield code="a">NjP</subfield><subfield code="c">NjP</subfield><subfield code="d">CtY</subfield></datafield><datafield tag="041" ind1="0" ind2=" "><subfield code="a">roager</subfield></datafield><datafield tag="041" ind1=" " ind2="7"><subfield code="a">osp</subfield><subfield code="2">iso639-3</subfield></datafield><datafield tag="079" ind1=" " ind2=" "><subfield code="a">ocm31083363</subfield></datafield><datafield tag="100" ind1="0" ind2=" "><subfield code="a">Abner,</subfield><subfield code="c">of Burgos,</subfield><subfield code="d">approximately 1270-</subfield><subfield code="0">http://id.loc.gov/authorities/names/n84123046</subfield><subfield code="1">http://viaf.org/viaf/100252548</subfield></datafield><datafield tag="240" ind1="1" ind2="0"><subfield code="a">Moreh tsedeḳ.</subfield><subfield code="l">Old Spanish</subfield></datafield><datafield tag="245" ind1="1" ind2="0"><subfield code="a">Mostrador de justicia /</subfield><subfield code="c">Alfonso de Valladolid (Abner aus Burgos) ; herausgegeben von Walter Mettmann.</subfield></datafield><datafield tag="260" ind1=" " ind2=" "><subfield code="a">Opladen :</subfield><subfield code="b">Westdeutscher Verlag,</subfield><subfield code="c">c1994-&lt;c1996&gt;</subfield></datafield><datafield tag="300" ind1=" " ind2=" "><subfield code="a">v. ;</subfield><subfield code="c">24 cm.</subfield></datafield><datafield tag="440" ind1=" " ind2="0"><subfield code="a">Abhandlungen der Nordrhein-Westfälischen Akademie der Wissenschaften ;</subfield><subfield code="v">Bd. 92</subfield></datafield><datafield tag="546" ind1=" " ind2=" "><subfield code="a">Text in Old Spanish; introd. in German.</subfield></datafield><datafield tag="504" ind1=" " ind2=" "><subfield code="a">Includes bibliographical references and indexes.</subfield></datafield><datafield tag="505" ind1="1" ind2=" "><subfield code="a">Bd. 1. Kapitel I-V -- Bd. 2. Kapitel VI-X.</subfield></datafield><datafield tag="650" ind1=" " ind2="0"><subfield code="a">Judaism</subfield><subfield code="x">Controversial literature</subfield><subfield code="v">Early works to 1800.</subfield></datafield><datafield tag="650" ind1=" " ind2="0"><subfield code="a">Judaism</subfield><subfield code="x">Relations</subfield><subfield code="x">Christianity</subfield><subfield code="v">Early works to 1800.</subfield></datafield><datafield tag="650" ind1=" " ind2="0"><subfield code="a">Christianity and other religions</subfield><subfield code="x">Judaism</subfield><subfield code="v">Early works to 1800.</subfield></datafield><datafield tag="650" ind1=" " ind2="0"><subfield code="a">Judaism (Christian theology)</subfield><subfield code="v">Early works to 1800.</subfield></datafield><datafield tag="700" ind1="1" ind2=" "><subfield code="a">Mettmann, Walter.</subfield><subfield code="9">no_linkage</subfield></datafield><datafield tag="927" ind1=" " ind2=" "><subfield code="a">9505RO</subfield></datafield><datafield tag="928" ind1=" " ind2=" "><subfield code="a">AC031197</subfield></datafield><datafield tag="948" ind1=" " ind2=" "><subfield code="a">HUM</subfield></datafield></record>