<record><leader>01303cam a22003494a 4500</leader><controlfield tag="001">9989458093408651</controlfield><controlfield tag="005">20250710112711.0</controlfield><controlfield tag="008">090212s2007    io       bd   000 0 btk  </controlfield><datafield tag="010" ind1=" " ind2=" "><subfield code="a">  2008338086</subfield></datafield><datafield tag="020" ind1=" " ind2=" "><subfield code="a">9789799760821</subfield></datafield><datafield tag="020" ind1=" " ind2=" "><subfield code="z">9789771632423</subfield></datafield><datafield tag="020" ind1=" " ind2=" "><subfield code="a">9799760828</subfield></datafield><datafield tag="035" ind1=" " ind2=" "><subfield code="a">(OCoLC)271855535</subfield></datafield><datafield tag="035" ind1=" " ind2=" "><subfield code="a">8945809</subfield></datafield><datafield tag="035" ind1=" " ind2=" "><subfield code="a">(CtY)8945809-yaledb-Voyager</subfield></datafield><datafield tag="040" ind1=" " ind2=" "><subfield code="a">DLC</subfield><subfield code="c">DLC</subfield><subfield code="d">DLC</subfield></datafield><datafield tag="041" ind1="0" ind2=" "><subfield code="a">btk</subfield><subfield code="a">ind</subfield></datafield><datafield tag="041" ind1=" " ind2="7"><subfield code="a">akb</subfield><subfield code="a">btm</subfield><subfield code="2">iso639-3</subfield></datafield><datafield tag="042" ind1=" " ind2=" "><subfield code="a">lcode</subfield></datafield><datafield tag="050" ind1="0" ind2="0"><subfield code="a">PL5210.4</subfield><subfield code="b">.H37 2007</subfield></datafield><datafield tag="079" ind1=" " ind2=" "><subfield code="a">ocn271855535</subfield></datafield><datafield tag="100" ind1="1" ind2=" "><subfield code="a">Harahap, A. Bazar,</subfield><subfield code="d">1939-</subfield><subfield code="0">http://id.loc.gov/authorities/names/n2007203054</subfield><subfield code="1">http://viaf.org/viaf/14231085</subfield></datafield><datafield tag="245" ind1="1" ind2="0"><subfield code="a">Kamus moderen bahasa Angkola Mandailing :</subfield><subfield code="b">Angkola/Mandailing-Indonesia, Indonesia-Angkola/Mandailing /</subfield><subfield code="c">disusun oleh A. Bazar Harahap.</subfield></datafield><datafield tag="246" ind1="3" ind2="0"><subfield code="a">Bahasa Angkola Mandailing</subfield></datafield><datafield tag="250" ind1=" " ind2=" "><subfield code="a">Cet. 1.</subfield></datafield><datafield tag="260" ind1=" " ind2=" "><subfield code="a">Jakarta :</subfield><subfield code="b">Forum Komunikasi Masyarakat Tapanuli Selatan dan Mandailing Natal,</subfield><subfield code="c">[2007]</subfield></datafield><datafield tag="300" ind1=" " ind2=" "><subfield code="a">viii, 458 p. ;</subfield><subfield code="c">24 cm.</subfield></datafield><datafield tag="546" ind1=" " ind2=" "><subfield code="a">Angkola and Indonesian.</subfield></datafield><datafield tag="520" ind1=" " ind2=" "><subfield code="a">Angkola-Indonesian and Indonesian-Angkola dictionary.</subfield></datafield><datafield tag="504" ind1=" " ind2=" "><subfield code="a">Includes bibliographical references (p. iii).</subfield></datafield><datafield tag="650" ind1=" " ind2="0"><subfield code="a">Angkola dialect</subfield><subfield code="v">Dictionaries</subfield><subfield code="x">Indonesian.</subfield></datafield><datafield tag="650" ind1=" " ind2="0"><subfield code="a">Indonesian language</subfield><subfield code="v">Dictionaries</subfield><subfield code="x">Angkola.</subfield></datafield></record>