<record><leader>01329cam a2200349Ia 4500</leader><controlfield tag="001">9989496153408651</controlfield><controlfield tag="005">20250510082603.0</controlfield><controlfield tag="008">090731s2009    gw       b    000 0 ger d</controlfield><datafield tag="020" ind1=" " ind2=" "><subfield code="a">9783447059473 (hd.bd.)</subfield></datafield><datafield tag="035" ind1=" " ind2=" "><subfield code="a">(OCoLC)427320892</subfield></datafield><datafield tag="035" ind1=" " ind2=" "><subfield code="a">har090051623</subfield></datafield><datafield tag="035" ind1=" " ind2=" "><subfield code="a">8949615</subfield></datafield><datafield tag="035" ind1=" " ind2=" "><subfield code="a">(CtY)8949615-yaledb-Voyager</subfield></datafield><datafield tag="040" ind1=" " ind2=" "><subfield code="a">YUS</subfield><subfield code="c">YUS</subfield></datafield><datafield tag="041" ind1="0" ind2=" "><subfield code="a">ger</subfield><subfield code="a">sem</subfield><subfield code="h">sem</subfield></datafield><datafield tag="041" ind1=" " ind2="7"><subfield code="a">gdq</subfield><subfield code="h">gdq</subfield><subfield code="2">iso639-3</subfield></datafield><datafield tag="043" ind1=" " ind2=" "><subfield code="a">a-ye---</subfield></datafield><datafield tag="079" ind1=" " ind2=" "><subfield code="a">ocn427320892</subfield></datafield><datafield tag="090" ind1=" " ind2=" "><subfield code="a">PJ6954</subfield><subfield code="b">.S56 2009</subfield></datafield><datafield tag="100" ind1="1" ind2=" "><subfield code="a">Sima, Alexander.</subfield><subfield code="9">no_linkage</subfield></datafield><datafield tag="245" ind1="1" ind2="0"><subfield code="a">Mehri-Texte aus der jemenitischen Šarqīyah /</subfield><subfield code="c">Alexander Sima ; transkribiert unter Mitwirkung von ʻAskari Hụgayrān Saʻd ; bearbeitet und herausgegeben von Janet C.E. Watson und Werner Arnold.</subfield></datafield><datafield tag="260" ind1=" " ind2=" "><subfield code="a">Wiesbaden :</subfield><subfield code="b">Harrassowitz Verlag,</subfield><subfield code="c">2009.</subfield></datafield><datafield tag="300" ind1=" " ind2=" "><subfield code="a">x, 588 p. ;</subfield><subfield code="c">25 cm.</subfield></datafield><datafield tag="490" ind1="1" ind2=" "><subfield code="a">Semitica viva,</subfield><subfield code="x">0931-2811 ;</subfield><subfield code="v">Band 47</subfield></datafield><datafield tag="546" ind1=" " ind2=" "><subfield code="a">In German; includes Mahri (romanized) texts with German translation on facing pages.</subfield></datafield><datafield tag="504" ind1=" " ind2=" "><subfield code="a">Includes bibliographical references.</subfield></datafield><datafield tag="650" ind1=" " ind2="0"><subfield code="a">Mahri language</subfield><subfield code="v">Texts.</subfield></datafield><datafield tag="650" ind1=" " ind2="0"><subfield code="a">Mahri language</subfield><subfield code="z">Yemen (Republic)</subfield><subfield code="v">Texts.</subfield></datafield><datafield tag="700" ind1="1" ind2=" "><subfield code="a">Saʻd, ʻAskari Hụgayrān.</subfield><subfield code="9">no_linkage</subfield></datafield><datafield tag="700" ind1="1" ind2=" "><subfield code="a">Watson, Janet C. E.</subfield><subfield code="9">no_linkage</subfield></datafield><datafield tag="700" ind1="1" ind2=" "><subfield code="a">Arnold, Werner.</subfield><subfield code="9">no_linkage</subfield></datafield><datafield tag="830" ind1=" " ind2="0"><subfield code="a">Semitica viva ;</subfield><subfield code="v">Bd. 47.</subfield></datafield></record>