<record><leader>01252cam a2200337 a 4500</leader><controlfield tag="001">9989680263408651</controlfield><controlfield tag="005">20250710113420.0</controlfield><controlfield tag="008">090821s2009    gw a          000 m mul d</controlfield><datafield tag="016" ind1="7" ind2=" "><subfield code="a">993392687</subfield><subfield code="2">GyFmDB</subfield></datafield><datafield tag="020" ind1=" " ind2=" "><subfield code="a">9783929075205 (pbk.)</subfield></datafield><datafield tag="020" ind1=" " ind2=" "><subfield code="a">3929075202 (pbk.)</subfield></datafield><datafield tag="035" ind1=" " ind2=" "><subfield code="a">(OCoLC)429980080</subfield></datafield><datafield tag="035" ind1=" " ind2=" "><subfield code="a">8968026</subfield></datafield><datafield tag="035" ind1=" " ind2=" "><subfield code="a">(CtY)8968026-yaledb-Voyager</subfield></datafield><datafield tag="040" ind1=" " ind2=" "><subfield code="a">OHX</subfield><subfield code="c">OHX</subfield><subfield code="d">OSU</subfield><subfield code="d">CtY</subfield></datafield><datafield tag="041" ind1="1" ind2=" "><subfield code="a">ssa</subfield><subfield code="a">fre</subfield><subfield code="a">eng</subfield><subfield code="a">ger</subfield><subfield code="h">ssa</subfield></datafield><datafield tag="041" ind1=" " ind2="7"><subfield code="a">ksp</subfield><subfield code="a">kwv</subfield><subfield code="h">ksp</subfield><subfield code="h">kwv</subfield><subfield code="2">iso639-3</subfield></datafield><datafield tag="043" ind1=" " ind2=" "><subfield code="a">f-sj---</subfield></datafield><datafield tag="050" ind1=" " ind2="4"><subfield code="a">PL8308.6</subfield><subfield code="b">.K33 2009</subfield></datafield><datafield tag="079" ind1=" " ind2=" "><subfield code="a">ocn429980080</subfield></datafield><datafield tag="245" ind1="0" ind2="0"><subfield code="a">Kabba folk tales &amp; proverbs :</subfield><subfield code="b">translated into French, English and German /</subfield><subfield code="c">compiled and edited by Rosmarie Moser.</subfield></datafield><datafield tag="246" ind1="3" ind2=" "><subfield code="a">Kabba folk tales and proverbs</subfield></datafield><datafield tag="260" ind1=" " ind2=" "><subfield code="a">Muenchen :</subfield><subfield code="b">LINCOM Europa,</subfield><subfield code="c">2009.</subfield></datafield><datafield tag="300" ind1=" " ind2=" "><subfield code="a">1 v. (various pagings) :</subfield><subfield code="b">ill. ;</subfield><subfield code="c">21 cm.</subfield></datafield><datafield tag="490" ind1="1" ind2=" "><subfield code="a">LINCOM text collections ;</subfield><subfield code="v">01</subfield></datafield><datafield tag="546" ind1=" " ind2=" "><subfield code="a">In Kaba, French, English and German.</subfield></datafield><datafield tag="650" ind1=" " ind2="0"><subfield code="a">Kaba language (Central Sudanic)</subfield><subfield code="0">http://id.loc.gov/authorities/subjects/sh2003003142</subfield></datafield><datafield tag="650" ind1=" " ind2="0"><subfield code="a">Tales</subfield><subfield code="z">Sudan.</subfield></datafield><datafield tag="650" ind1=" " ind2="0"><subfield code="a">Proverbs, Sudanese.</subfield><subfield code="0">http://id.loc.gov/authorities/subjects/sh2009006846</subfield></datafield><datafield tag="700" ind1="1" ind2=" "><subfield code="a">Moser, Rosmarie.</subfield><subfield code="9">no_linkage</subfield></datafield><datafield tag="830" ind1=" " ind2="0"><subfield code="a">LINCOM text collections ;</subfield><subfield code="v">no. 01.</subfield></datafield></record>