<record><leader>00716cam a22002055a 4500</leader><controlfield tag="001">9989718863408651</controlfield><controlfield tag="005">20250510083616.0</controlfield><controlfield tag="008">090828s2004    cx a          000 0 bnt d</controlfield><datafield tag="035" ind1=" " ind2=" "><subfield code="a">(OCoLC)973942704</subfield></datafield><datafield tag="035" ind1=" " ind2=" "><subfield code="a">8971886</subfield></datafield><datafield tag="035" ind1=" " ind2=" "><subfield code="a">(CtY)8971886-yaledb-Voyager</subfield></datafield><datafield tag="041" ind1=" " ind2="7"><subfield code="a">yaf</subfield><subfield code="2">iso639-3</subfield></datafield><datafield tag="079" ind1=" " ind2=" "><subfield code="a">(OCoLC)973942704</subfield></datafield><datafield tag="245" ind1="1" ind2="0"><subfield code="a">Mondo monye, mbisi wa Luke akomanyene woone.</subfield></datafield><datafield tag="250" ind1=" " ind2=" "><subfield code="a">1ere ed.</subfield></datafield><datafield tag="260" ind1=" " ind2=" "><subfield code="a">Bangui :</subfield><subfield code="b">Association Centrafricaine pour la traduction de la bible et l'alphabetisation,</subfield><subfield code="c">2004.</subfield></datafield><datafield tag="300" ind1=" " ind2=" "><subfield code="a">124 p. :</subfield><subfield code="b">ill. ;</subfield><subfield code="c">21 cm.</subfield></datafield><datafield tag="500" ind1=" " ind2=" "><subfield code="a">"Evangile selon Luc en Yaka"--Cover.</subfield></datafield><datafield tag="546" ind1=" " ind2=" "><subfield code="a">In Yaka.</subfield></datafield><datafield tag="710" ind1="2" ind2=" "><subfield code="a">Association Centrafricaine pour la Traduction de la Bible et l'Alphabétisation.</subfield></datafield></record>