<record><leader>00847cam a22002534a 4500</leader><controlfield tag="001">9989763533408651</controlfield><controlfield tag="005">20250710111956.0</controlfield><controlfield tag="008">090902m2005    za a          000 0 bnt d</controlfield><datafield tag="020" ind1=" " ind2=" "><subfield code="a">998200266X (vol. 1)</subfield></datafield><datafield tag="020" ind1=" " ind2=" "><subfield code="a">9982003216 (vol. 2)</subfield></datafield><datafield tag="035" ind1=" " ind2=" "><subfield code="a">(OCoLC)778699623</subfield></datafield><datafield tag="035" ind1=" " ind2=" "><subfield code="a">8976353</subfield></datafield><datafield tag="035" ind1=" " ind2=" "><subfield code="a">(CtY)8976353-yaledb-Voyager</subfield></datafield><datafield tag="040" ind1=" " ind2=" "><subfield code="a">CtY</subfield><subfield code="c">CtY</subfield></datafield><datafield tag="041" ind1=" " ind2="7"><subfield code="a">mwn</subfield><subfield code="2">iso639-3</subfield></datafield><datafield tag="050" ind1=" " ind2="4"><subfield code="a">PL8542.2</subfield><subfield code="b">.C556 2005</subfield></datafield><datafield tag="079" ind1=" " ind2=" "><subfield code="a">ocn778699623</subfield></datafield><datafield tag="245" ind1="0" ind2="0"><subfield code="a">Chinamwanga amatampulo :</subfield><subfield code="b">ibuuku lyamusambiliizi /</subfield><subfield code="c">edited by : Angel M. Mulilo ... [et al.].</subfield></datafield><datafield tag="260" ind1=" " ind2=" "><subfield code="a">Lusaka :</subfield><subfield code="b">Zambia Educational Publishing House,</subfield><subfield code="c">2005-</subfield></datafield><datafield tag="300" ind1=" " ind2=" "><subfield code="a">v. :</subfield><subfield code="b">col. ill. ;</subfield><subfield code="c">25 cm.</subfield></datafield><datafield tag="500" ind1=" " ind2=" "><subfield code="a">At head of title : Amasambiliilo Ayantaliciilo mu Zambia.</subfield></datafield><datafield tag="546" ind1=" " ind2=" "><subfield code="a">In Nyamwanga.</subfield></datafield><datafield tag="650" ind1=" " ind2="0"><subfield code="a">Nyamwanga language</subfield><subfield code="v">Readers.</subfield></datafield><datafield tag="700" ind1="1" ind2=" "><subfield code="a">Mulilo, Angel M.</subfield><subfield code="9">no_linkage</subfield></datafield></record>