<record><leader>01181cam a2200325 a 4500</leader><controlfield tag="001">9989974133408651</controlfield><controlfield tag="005">20250510085255.0</controlfield><controlfield tag="008">090313r20092008nju      b    000 0 eng d</controlfield><datafield tag="020" ind1=" " ind2=" "><subfield code="a">9781607240907</subfield></datafield><datafield tag="020" ind1=" " ind2=" "><subfield code="a">1607240904</subfield></datafield><datafield tag="035" ind1=" " ind2=" "><subfield code="a">(OCoLC)315134811</subfield></datafield><datafield tag="035" ind1=" " ind2=" "><subfield code="a">8997413</subfield></datafield><datafield tag="035" ind1=" " ind2=" "><subfield code="a">(CtY)8997413-yaledb-Voyager</subfield></datafield><datafield tag="040" ind1=" " ind2=" "><subfield code="a">YDXCP</subfield><subfield code="c">YDXCP</subfield><subfield code="d">TXA</subfield><subfield code="d">CtY</subfield></datafield><datafield tag="041" ind1="0" ind2=" "><subfield code="a">eng</subfield><subfield code="a">tut</subfield></datafield><datafield tag="041" ind1=" " ind2="7"><subfield code="a">tur</subfield><subfield code="2">iso639-3</subfield></datafield><datafield tag="043" ind1=" " ind2=" "><subfield code="a">a-tu---</subfield></datafield><datafield tag="050" ind1=" " ind2="4"><subfield code="a">PL205</subfield><subfield code="b">.D365 2009</subfield></datafield><datafield tag="079" ind1=" " ind2=" "><subfield code="a">ocn315134811</subfield></datafield><datafield tag="100" ind1="1" ind2=" "><subfield code="a">Dankoff, Robert.</subfield><subfield code="9">no_linkage</subfield></datafield><datafield tag="245" ind1="1" ind2="0"><subfield code="a">From Mahmud Kaşgari to Evliya Çelebi :</subfield><subfield code="b">studies in Middle Turkic and Ottoman literatures /</subfield><subfield code="c">Robert Dankoff.</subfield></datafield><datafield tag="260" ind1=" " ind2=" "><subfield code="a">Piscataway, NJ :</subfield><subfield code="b">Gorgias Press ;</subfield><subfield code="a">[Istanbul] :</subfield><subfield code="b">Isis Press,</subfield><subfield code="c">c2009.</subfield></datafield><datafield tag="300" ind1=" " ind2=" "><subfield code="a">506 p. :</subfield><subfield code="b">ill. ;</subfield><subfield code="c">24 cm.</subfield></datafield><datafield tag="490" ind1="1" ind2=" "><subfield code="a">Analecta Isisiana ;</subfield><subfield code="v">103</subfield></datafield><datafield tag="500" ind1=" " ind2=" "><subfield code="a">Reprint. First published Isis Press, 2008.</subfield></datafield><datafield tag="504" ind1=" " ind2=" "><subfield code="a">Includes bibliographical references.</subfield></datafield><datafield tag="546" ind1=" " ind2=" "><subfield code="a">Includes texts in Turkish.</subfield></datafield><datafield tag="650" ind1=" " ind2="0"><subfield code="a">Turkish literature</subfield><subfield code="x">History and criticism.</subfield><subfield code="0">http://id.loc.gov/authorities/subjects/sh2008113048</subfield></datafield><datafield tag="650" ind1=" " ind2="0"><subfield code="a">Turkic literature</subfield><subfield code="x">History and criticism.</subfield></datafield><datafield tag="830" ind1=" " ind2="0"><subfield code="a">Analecta Isisiana ;</subfield><subfield code="v">103.</subfield></datafield></record>