<record><leader>01361cjm a22003374a 4500</leader><controlfield tag="001">9989979583408651</controlfield><controlfield tag="005">20250710113526.0</controlfield><controlfield tag="007">sd|fsngnnmmned</controlfield><controlfield tag="008">090528s2008    ke ppn|             bnt  </controlfield><datafield tag="010" ind1=" " ind2=" "><subfield code="a">  2009349562</subfield></datafield><datafield tag="035" ind1=" " ind2=" "><subfield code="a">(OCoLC)382069289</subfield></datafield><datafield tag="035" ind1=" " ind2=" "><subfield code="a">(DLC)  2009349562</subfield></datafield><datafield tag="035" ind1=" " ind2=" "><subfield code="a">8997958</subfield></datafield><datafield tag="035" ind1=" " ind2=" "><subfield code="a">(CtY)8997958-yaledb-Voyager</subfield></datafield><datafield tag="040" ind1=" " ind2=" "><subfield code="a">DLC</subfield><subfield code="c">DLC</subfield><subfield code="d">CtY</subfield></datafield><datafield tag="041" ind1=" " ind2="7"><subfield code="a">guz</subfield><subfield code="2">iso639-3</subfield></datafield><datafield tag="042" ind1=" " ind2=" "><subfield code="a">lcode</subfield></datafield><datafield tag="050" ind1=" " ind2="4"><subfield code="a">M1838.K3</subfield><subfield code="b">.O54 2008</subfield></datafield><datafield tag="079" ind1=" " ind2=" "><subfield code="a">ocn382069289</subfield></datafield><datafield tag="100" ind1="1" ind2=" "><subfield code="a">Ondieki, Sam.</subfield><subfield code="0">http://id.loc.gov/authorities/names/n2009212445</subfield><subfield code="1">http://viaf.org/viaf/90473096</subfield></datafield><datafield tag="245" ind1="1" ind2="0"><subfield code="a">Monto monene</subfield><subfield code="h">[sound recording] /</subfield><subfield code="c">Sam Ondieki.</subfield></datafield><datafield tag="260" ind1=" " ind2=" "><subfield code="a">[Nairobi] :</subfield><subfield code="b">Bakawola IngoMusic Foundation,</subfield><subfield code="c">c2008.</subfield></datafield><datafield tag="300" ind1=" " ind2=" "><subfield code="a">1 sound disc :</subfield><subfield code="b">digital ;</subfield><subfield code="c">4 3/4 in.</subfield></datafield><datafield tag="505" ind1="0" ind2=" "><subfield code="a">Maziwa (yakimwagika) -- Monto monene -- Pomella -- Harusinyi -- Kidoriso -- Chiama roche -- Masaibu -- In the rain -- Egetinkinye.</subfield></datafield><datafield tag="508" ind1=" " ind2=" "><subfield code="a">All songs composed by Sam Ondieki except: Harusinyi &amp; Egetinkinye composed by Ken Waweru.</subfield></datafield><datafield tag="511" ind1="0" ind2=" "><subfield code="a">Lead vocals: Sam, Ken, Ingosi ; back vocals: Ken, Mburu ; acoustic guitar: Sam Ondieki.</subfield></datafield><datafield tag="520" ind1=" " ind2=" "><subfield code="a">Songs on various themes.</subfield></datafield><datafield tag="538" ind1=" " ind2=" "><subfield code="a">Compact disc.</subfield></datafield><datafield tag="546" ind1=" " ind2=" "><subfield code="a">Sung in Gusii.</subfield></datafield><datafield tag="650" ind1=" " ind2="0"><subfield code="a">Popular music</subfield><subfield code="z">Kenya</subfield><subfield code="y">2001-2010.</subfield><subfield code="0">http://id.loc.gov/authorities/subjects/sh2010106936</subfield></datafield><datafield tag="650" ind1=" " ind2="0"><subfield code="a">Songs, Gusii.</subfield></datafield></record>