<record><leader>01528cam a2200349 a 4500</leader><controlfield tag="001">9990349333408651</controlfield><controlfield tag="005">20250510085628.0</controlfield><controlfield tag="008">090928s2007    gt            000 0 myn c</controlfield><datafield tag="035" ind1=" " ind2=" "><subfield code="a">(OCoLC)463437287</subfield></datafield><datafield tag="035" ind1=" " ind2=" "><subfield code="a">9034933</subfield></datafield><datafield tag="035" ind1=" " ind2=" "><subfield code="a">(CtY)9034933-yaledb-Voyager</subfield></datafield><datafield tag="040" ind1=" " ind2=" "><subfield code="a">ZCU</subfield><subfield code="c">ZCU</subfield><subfield code="d">IQU</subfield><subfield code="d">TOZ</subfield></datafield><datafield tag="041" ind1="1" ind2=" "><subfield code="a">myn</subfield><subfield code="a">spa</subfield><subfield code="h">myn</subfield></datafield><datafield tag="041" ind1=" " ind2="7"><subfield code="a">quc</subfield><subfield code="a">tzj</subfield><subfield code="h">quc</subfield><subfield code="h">tzj</subfield><subfield code="2">iso639-3</subfield></datafield><datafield tag="042" ind1=" " ind2=" "><subfield code="a">pcc</subfield></datafield><datafield tag="043" ind1=" " ind2=" "><subfield code="a">ncgt---</subfield></datafield><datafield tag="050" ind1=" " ind2="4"><subfield code="a">F1465.P8189</subfield><subfield code="b">P65 2007</subfield></datafield><datafield tag="079" ind1=" " ind2=" "><subfield code="a">ocn463437287</subfield></datafield><datafield tag="130" ind1="0" ind2=" "><subfield code="a">Popol vuh.</subfield><subfield code="l">Tzutuhil.</subfield></datafield><datafield tag="245" ind1="1" ind2="0"><subfield code="a">Pojp wuuj pa tz'utujil.</subfield></datafield><datafield tag="246" ind1="1" ind2=" "><subfield code="i">Subtitle on cover:</subfield><subfield code="a">Pojp Wuuj version Tz'utujil</subfield></datafield><datafield tag="260" ind1=" " ind2=" "><subfield code="a">[Guatemala] :</subfield><subfield code="b">ALMG-Academia de lenguas Mayas de Guatemala, Tzʼutujil Tinaamitaal, Comunidad Lingüística Tzʼutujil,</subfield><subfield code="c">2007.</subfield></datafield><datafield tag="300" ind1=" " ind2=" "><subfield code="a">171 p. ;</subfield><subfield code="c">21 cm.</subfield></datafield><datafield tag="546" ind1=" " ind2=" "><subfield code="a">In Tzutuhil; includes Tzutuhil-Spanish glossary.</subfield></datafield><datafield tag="500" ind1=" " ind2=" "><subfield code="a">Pages also numbered in Mayan numbering.</subfield></datafield><datafield tag="650" ind1=" " ind2="0"><subfield code="a">Quiché Indians</subfield><subfield code="x">Religion.</subfield><subfield code="0">http://id.loc.gov/authorities/subjects/sh2008110322</subfield></datafield><datafield tag="650" ind1=" " ind2="0"><subfield code="a">Quiché mythology.</subfield><subfield code="0">http://id.loc.gov/authorities/subjects/sh94000682</subfield></datafield><datafield tag="650" ind1=" " ind2="0"><subfield code="a">Tzutuhil language</subfield><subfield code="v">Texts.</subfield></datafield><datafield tag="650" ind1=" " ind2="0"><subfield code="a">Creation</subfield><subfield code="x">Mythology</subfield><subfield code="z">Guatemala.</subfield></datafield><datafield tag="650" ind1=" " ind2="0"><subfield code="a">Mayan literature.</subfield><subfield code="0">http://id.loc.gov/authorities/subjects/sh85082406</subfield></datafield><datafield tag="710" ind1="2" ind2=" "><subfield code="a">Tzʼutujiil Tinaamitaal (Organization)</subfield><subfield code="0">http://id.loc.gov/authorities/names/n99039399</subfield><subfield code="1">http://viaf.org/viaf/128026999</subfield></datafield><datafield tag="710" ind1="2" ind2=" "><subfield code="a">Academia de las Lenguas Mayas de Guatemala.</subfield><subfield code="0">http://id.loc.gov/authorities/names/n91005681</subfield><subfield code="1">http://viaf.org/viaf/152940200</subfield></datafield></record>