<record><leader>01591cjm a2200373 a 4500</leader><controlfield tag="001">9990354763408651</controlfield><controlfield tag="005">20250710114113.0</controlfield><controlfield tag="007">sd|fsngnnmmned</controlfield><controlfield tag="008">081002s2007    ke ppn              ssa  </controlfield><datafield tag="010" ind1=" " ind2=" "><subfield code="a">  2008345225</subfield></datafield><datafield tag="028" ind1="0" ind2="2"><subfield code="a">KIP07 001</subfield><subfield code="b">J. Kipketer</subfield></datafield><datafield tag="035" ind1=" " ind2=" "><subfield code="a">(OCoLC)316950912</subfield></datafield><datafield tag="035" ind1=" " ind2=" "><subfield code="a">(DLC)  2008345225</subfield></datafield><datafield tag="035" ind1=" " ind2=" "><subfield code="a">7140335</subfield></datafield><datafield tag="035" ind1=" " ind2=" "><subfield code="a">9035476</subfield></datafield><datafield tag="035" ind1=" " ind2=" "><subfield code="a">(CtY)9035476-yaledb-Voyager</subfield></datafield><datafield tag="040" ind1=" " ind2=" "><subfield code="a">DLC</subfield><subfield code="c">DLC</subfield><subfield code="d">CtY</subfield></datafield><datafield tag="041" ind1="0" ind2=" "><subfield code="d">ssa</subfield><subfield code="d">eng</subfield><subfield code="d">swa</subfield></datafield><datafield tag="041" ind1=" " ind2="7"><subfield code="a">kln</subfield><subfield code="a">kpz</subfield><subfield code="d">kln</subfield><subfield code="d">kpz</subfield><subfield code="2">iso639-3</subfield></datafield><datafield tag="042" ind1=" " ind2=" "><subfield code="a">lcode</subfield></datafield><datafield tag="050" ind1=" " ind2="4"><subfield code="a">M1838.K3</subfield><subfield code="b">K56 2007</subfield></datafield><datafield tag="079" ind1=" " ind2=" "><subfield code="a">ocn316950912</subfield></datafield><datafield tag="100" ind1="1" ind2=" "><subfield code="a">Kipketer, J.</subfield><subfield code="0">http://id.loc.gov/authorities/names/n2009211651</subfield><subfield code="1">http://viaf.org/viaf/83518546</subfield></datafield><datafield tag="245" ind1="1" ind2="0"><subfield code="a">Bik</subfield><subfield code="h">[sound recording] /</subfield><subfield code="c">Kipketer.</subfield></datafield><datafield tag="260" ind1=" " ind2=" "><subfield code="a">[Nairobi :</subfield><subfield code="b">J. Kipketer],</subfield><subfield code="c">c2007.</subfield></datafield><datafield tag="300" ind1=" " ind2=" "><subfield code="a">1 sound disc :</subfield><subfield code="b">digital ;</subfield><subfield code="c">4 3/4 in.</subfield></datafield><datafield tag="500" ind1=" " ind2=" "><subfield code="a">Songs on various themes.</subfield></datafield><datafield tag="546" ind1=" " ind2=" "><subfield code="a">Sung in Kalenjin, with one mixing English and Swahili.</subfield></datafield><datafield tag="500" ind1=" " ind2=" "><subfield code="a">Compact disc.</subfield></datafield><datafield tag="508" ind1=" " ind2=" "><subfield code="a">Executive producer, J. Kipketer ; produced, recorded, engineered and arranged by Jesse Bukindu.</subfield></datafield><datafield tag="511" ind1="0" ind2=" "><subfield code="a">J. Kipketer, vocals ; Grace Gakii, Monicah Njeri, background vocals ; Toby Imani, guitar ; Jesse Bukindu, bass and additional guitars.</subfield></datafield><datafield tag="505" ind1="0" ind2=" "><subfield code="a">Arireei = Crying -- Kongoi = Thank you -- Rani = Today -- Mautien = I will never forget -- Nana -- Chepsiktei -- Sesia -- Ngal che yach = Bad words -- Sumeet = Binder -- Politician.</subfield></datafield><datafield tag="650" ind1=" " ind2="0"><subfield code="a">Popular music</subfield><subfield code="z">Kenya</subfield><subfield code="y">2001-2010.</subfield><subfield code="0">http://id.loc.gov/authorities/subjects/sh2010106936</subfield></datafield><datafield tag="650" ind1=" " ind2="0"><subfield code="a">Songs, Kalenjin</subfield><subfield code="z">Kenya.</subfield></datafield></record></collection>